@article{VanDerLoos1972,
	author = {Van Der Loos, Hendrik and Glaser, Edmund M.},
	journal = {Brain Research},
	title = {Autapses in neocortex cerebri: synapses between a pyramidal cell's axon and its own dendrites},
	volume = {48},
	year = {1972},
	pages = {355-360},
}

@article{GalvesLocherbach2013,
   author = {Galves, Antonio and LÃ¶cherbach, Eva},
   issue = {5},
   journal = {Journal of Statistical Physics},
   pages = {896-921},
   title = {Infinite systems of interacting chains with memory of variable length -- A stochastic model for biological neural nets},
   volume = {151},
   year = {2013},
}

@article{Rall1967,
   author = {Wilfrid Rall},
   issue = {5},
   journal = {J. Neurophysiol},
   pages = {1138-1168},
   title = {Distinguishing theoretical synaptic potentials computed for different soma-dendritic distributions of synaptic input},
   volume = {30},
   url = {www.physiology.org/journal/jn},
   year = {1967},
}

@article{Rotter1999,
   author = {Stefan Rotter and Markus Diesmann},
   issue = {5-6},
   journal = {Biological Cybernetics},
   pages = {381-402},
   title = {Exact digital simulation of time-invariant linear systems with applications to neuronal modeling},
   volume = {81},
   year = {1999},
}

@article{PotjansDiesmann2014,
   author = {Tobias C. Potjans and Markus Diesmann},
   issue = {3},
   journal = {Cereb Cortex.},
   pages = {785-806},
   title = {The cell-type specific cortical microcircuit: relating structure and activity in a full-scale spiking network model},
   volume = {24},
   year = {2014},
}

